<record><leader>00000cas a22000007a 4500</leader><controlfield tag="001">26508072</controlfield><controlfield tag="008">920831d19511959nyuwr ne      0    0eng d</controlfield><datafield ind1=" " ind2=" " tag="010"><subfield code="a">sn 92062086 </subfield></datafield><datafield ind1=" " ind2=" " tag="040"><subfield code="a">NYS</subfield><subfield code="b">eng</subfield><subfield code="c">NYS</subfield><subfield code="d">OCLCQ</subfield></datafield><datafield ind1=" " ind2=" " tag="042"><subfield code="a">msc</subfield></datafield><datafield ind1="0" ind2="4" tag="245"><subfield code="a">The Randolph register, the Pine Valley news.</subfield></datafield><datafield ind1="3" ind2="0" tag="246"><subfield code="a">Randolph register combined with the Pine Valley news</subfield></datafield><datafield ind1="3" ind2="0" tag="246"><subfield code="a">Pine Valley news</subfield></datafield><datafield ind1="1" ind2="7" tag="246"><subfield code="a">Randolph register</subfield></datafield><datafield ind1=" " ind2=" " tag="260"><subfield code="a">Randolph, N.Y. :</subfield><subfield code="b">Francis Dexter</subfield></datafield><datafield ind1=" " ind2=" " tag="300"><subfield code="a">v.</subfield></datafield><datafield ind1=" " ind2=" " tag="310"><subfield code="a">Weekly</subfield></datafield><datafield ind1="0" ind2=" " tag="362"><subfield code="a">Randolph register, vol. 93, no. 15 (July 13, 1951)-v. 94, no. 40 (June 26, 1959) = Pine Valley news, v. 75, no. 36-v. 83, no. 23.</subfield></datafield><datafield ind1=" " ind2="4" tag="651"><subfield code="a">Cherry Creek (N.Y.)</subfield><subfield code="v">Newspapers.</subfield></datafield><datafield ind1=" " ind2="4" tag="651"><subfield code="a">Conewango (N.Y.)</subfield><subfield code="v">Newspapers.</subfield></datafield><datafield ind1=" " ind2="4" tag="651"><subfield code="a">East Randolph (N.Y.)</subfield><subfield code="v">Newspapers.</subfield></datafield><datafield ind1=" " ind2="4" tag="651"><subfield code="a">Randolph (N.Y.)</subfield><subfield code="v">Newspapers.</subfield></datafield><datafield ind1=" " ind2="4" tag="651"><subfield code="a">South Dayton (N.Y.)</subfield><subfield code="v">Newspapers.</subfield></datafield><datafield ind1=" " ind2=" " tag="752"><subfield code="a">United States</subfield><subfield code="b">New York</subfield><subfield code="c">Cattaraugus</subfield><subfield code="d">Randolph.</subfield></datafield><datafield ind1="0" ind2="4" tag="780"><subfield code="t">Randolph register (Randolph, N.Y. : 1900)</subfield><subfield code="w">(DLC)sn 92062085</subfield><subfield code="w">(OCoLC)26508384</subfield></datafield><datafield ind1="0" ind2="4" tag="780"><subfield code="t">Pine Valley news (Cherry Creek, N.Y.)</subfield><subfield code="w">(DLC)sn 93063949</subfield></datafield><datafield ind1="0" ind2="0" tag="785"><subfield code="t">Randolph register (Randolph, N.Y. : 1959)</subfield><subfield code="w">(DLC)sn 92062087</subfield><subfield code="w">(OCoLC)26508166</subfield></datafield></record>